<?xml version="1.0" encoding="UTF-8" ?>
<collection xmlns:xsi="http://www.w3.org/2001/XMLSchema-instance" xsi:schemaLocation="http://www.loc.gov/MARC21/slim http://www.loc.gov/standards/marcxml/schema/MARC21slim.xsd" xmlns="http://www.loc.gov/MARC21/slim">
   <record>
      <leader>     mam a22      a 4500</leader>
      <controlfield tag="001">1879941</controlfield>
      <controlfield tag="003">NIC</controlfield>
      <controlfield tag="005">20141127222720.0</controlfield>
      <controlfield tag="008">850926m19801985ir      rb    000 0 ara d</controlfield>
      <datafield tag="010" ind1=" " ind2=" ">
         <subfield code="a">   85931803 </subfield>
      </datafield>
      <datafield tag="035" ind1=" " ind2=" ">
         <subfield code="a">(NIC)notisAJT9695</subfield>
      </datafield>
      <datafield tag="035" ind1=" " ind2=" ">
         <subfield code="a">(OCoLC)22324785</subfield>
      </datafield>
      <datafield tag="035" ind1=" " ind2=" ">
         <subfield code="a">1879941</subfield>
      </datafield>
      <datafield tag="040" ind1=" " ind2=" ">
         <subfield code="a">NIC</subfield>
         <subfield code="c">NIC</subfield>
      </datafield>
      <datafield tag="100" ind1="1" ind2=" ">
         <subfield code="a">Ibn Abī al-Ḥadīd, ʻAbd al-Ḥamīd ibn Hibat Allāh,</subfield>
         <subfield code="d">1191-1257 or 1258.</subfield>
      </datafield>
      <datafield tag="245" ind1="1" ind2="0">
         <subfield code="a">Sharḥ Nahj al-balāghah /</subfield>
         <subfield code="c">li-Ibn Abī al-Ḥadīd ; bi-taḥqīq Muḥammad ibn al-Ḥusayn al-Sharīf al-Raḍī</subfield>
      </datafield>
      <datafield tag="260" ind1=" " ind2=" ">
         <subfield code="a">[Qum] :</subfield>
         <subfield code="b">Muʼassasah Mat̤būʻātī Ismāʻīlīyān,</subfield>
         <subfield code="c">[198-?]</subfield>
      </datafield>
      <datafield tag="300" ind1=" " ind2=" ">
         <subfield code="a">20 v. in 10 ;</subfield>
         <subfield code="c">24 cm.</subfield>
      </datafield>
      <datafield tag="534" ind1=" " ind2=" ">
         <subfield code="p">Reprint.</subfield>
         <subfield code="a">Originally published:</subfield>
         <subfield code="c">Cairo : Dār Iḥyāʼ al-Kutub al-ʻArabīyah, 1959.</subfield>
      </datafield>
      <datafield tag="504" ind1=" " ind2=" ">
         <subfield code="a">Includes bibliographical references.</subfield>
      </datafield>
      <datafield tag="600" ind1="1" ind2="0">
         <subfield code="a">Sharīf al-Raḍī, Muḥammad ibn al-Ḥusayn,</subfield>
         <subfield code="d">969 or 970-1016.</subfield>
         <subfield code="e">supposed author.</subfield>
         <subfield code="t">Nahj al-balāghah.</subfield>
      </datafield>
      <datafield tag="600" ind1="0" ind2="0">
         <subfield code="a">ʻAlī ibn Abī Ṭālib,</subfield>
         <subfield code="c">Caliph,</subfield>
         <subfield code="d">approximately 600-661.</subfield>
      </datafield>
      <datafield tag="600" ind1="0" ind2="7">
         <subfield code="a">ʻAlī ibn Abī Ṭālib,</subfield>
         <subfield code="c">Caliph,</subfield>
         <subfield code="d">approximately 600-661</subfield>
         <subfield code="2">fast</subfield>
         <subfield code="0">(OCoLC)fst01804105</subfield>
      </datafield>
      <datafield tag="630" ind1=" " ind2="7">
         <subfield code="a">Nahj al-balāghah (Sharīf al-Raḍī, Muḥammad ibn al-Ḥusayn)</subfield>
         <subfield code="2">fast</subfield>
         <subfield code="0">(OCoLC)fst01368261</subfield>
      </datafield>
      <datafield tag="905" ind1=" " ind2=" ">
         <subfield code="a">19941219120000.0</subfield>
      </datafield>
      <datafield tag="948" ind1="2" ind2=" ">
         <subfield code="a">20141127</subfield>
         <subfield code="b">m</subfield>
         <subfield code="d">batch</subfield>
         <subfield code="e">lts</subfield>
         <subfield code="x">addfast</subfield>
      </datafield>
      <datafield tag="903" ind1=" " ind2=" ">
         <subfield code="a">NYUACO</subfield>
         <subfield code="d">20150423</subfield>
         <subfield code="p">31924059065155</subfield>
      </datafield>
      <datafield tag="950" ind1=" " ind2=" ">
         <subfield code="a">DS238.A6</subfield>
         <subfield code="b">S53 1980</subfield>
         <subfield code="v">juz17-18 </subfield>
      </datafield>
      <datafield tag="903" ind1=" " ind2=" ">
         <subfield code="a">NYUACO</subfield>
         <subfield code="d">20150423</subfield>
         <subfield code="p">31924059065171</subfield>
      </datafield>
      <datafield tag="950" ind1=" " ind2=" ">
         <subfield code="a">DS238.A6</subfield>
         <subfield code="b">S53 1980</subfield>
         <subfield code="v">juz19-20 </subfield>
      </datafield>
      <datafield tag="903" ind1=" " ind2=" ">
         <subfield code="a">NYUACO</subfield>
         <subfield code="d">20150423</subfield>
         <subfield code="p">31924059065189</subfield>
      </datafield>
      <datafield tag="950" ind1=" " ind2=" ">
         <subfield code="a">DS238.A6</subfield>
         <subfield code="b">S53 1980</subfield>
         <subfield code="v">juz15-16 </subfield>
      </datafield>
      <datafield tag="903" ind1=" " ind2=" ">
         <subfield code="a">NYUACO</subfield>
         <subfield code="d">20150423</subfield>
         <subfield code="p">31924059065197</subfield>
      </datafield>
      <datafield tag="950" ind1=" " ind2=" ">
         <subfield code="a">DS238.A6</subfield>
         <subfield code="b">S53 1980</subfield>
         <subfield code="v">juz13-14 </subfield>
      </datafield>
      <datafield tag="903" ind1=" " ind2=" ">
         <subfield code="a">NYUACO</subfield>
         <subfield code="d">20150423</subfield>
         <subfield code="p">31924059065668</subfield>
      </datafield>
      <datafield tag="950" ind1=" " ind2=" ">
         <subfield code="a">DS238.A6</subfield>
         <subfield code="b">S53 1980</subfield>
         <subfield code="v">juz1-2 </subfield>
      </datafield>
      <datafield tag="903" ind1=" " ind2=" ">
         <subfield code="a">NYUACO</subfield>
         <subfield code="d">20150423</subfield>
         <subfield code="p">31924059065676</subfield>
      </datafield>
      <datafield tag="950" ind1=" " ind2=" ">
         <subfield code="a">DS238.A6</subfield>
         <subfield code="b">S53 1980</subfield>
         <subfield code="v">juz3-4 </subfield>
      </datafield>
      <datafield tag="903" ind1=" " ind2=" ">
         <subfield code="a">NYUACO</subfield>
         <subfield code="d">20150423</subfield>
         <subfield code="p">31924059065684</subfield>
      </datafield>
      <datafield tag="950" ind1=" " ind2=" ">
         <subfield code="a">DS238.A6</subfield>
         <subfield code="b">S53 1980</subfield>
         <subfield code="v">juz5-6 </subfield>
      </datafield>
      <datafield tag="903" ind1=" " ind2=" ">
         <subfield code="a">NYUACO</subfield>
         <subfield code="d">20150423</subfield>
         <subfield code="p">31924059065692</subfield>
      </datafield>
      <datafield tag="950" ind1=" " ind2=" ">
         <subfield code="a">DS238.A6</subfield>
         <subfield code="b">S53 1980</subfield>
         <subfield code="v">juz7-8 </subfield>
      </datafield>
      <datafield tag="903" ind1=" " ind2=" ">
         <subfield code="a">NYUACO</subfield>
         <subfield code="d">20150423</subfield>
         <subfield code="p">31924059065700</subfield>
      </datafield>
      <datafield tag="950" ind1=" " ind2=" ">
         <subfield code="a">DS238.A6</subfield>
         <subfield code="b">S53 1980</subfield>
         <subfield code="v">juz9-10 </subfield>
      </datafield>
      <datafield tag="903" ind1=" " ind2=" ">
         <subfield code="a">NYUACO</subfield>
         <subfield code="d">20150423</subfield>
         <subfield code="p">31924059065718</subfield>
      </datafield>
      <datafield tag="950" ind1=" " ind2=" ">
         <subfield code="a">DS238.A6</subfield>
         <subfield code="b">S53 1980</subfield>
         <subfield code="v">juz11-12 </subfield>
      </datafield>
   </record>
</collection>
